@online{compiladores_para_humanos,
  author    = {John Isidoro},
  title     = {Análise Lexical},
  year      = {2016},
  url       = {https://johnidm.gitbooks.io/compiladores-para-humanos/content/part1/lexical-analysis.html},
  note      = {Accessed: 2024-08-16}
}

@online{cabal2024,
  author    = {Cabal Developers},
  title     = {Cabal - The Haskell Package Manager},
  year      = {2024},
  url       = {https://cabal.readthedocs.io/en/stable/},
  note      = {Acessado em: 16 de agosto de 2024}
}

@online{aleardo2024,
  author    = {Aleardo Manacero},
  title     = {Capítulo 2: Análise Lexical},
  year      = {2024},
  url       = {https://www.dcce.ibilce.unesp.br/~aleardo/cursos/compila/cap02.pdf},
  note      = {Acessado em: 16 de agosto de 2024}
}
